<?xml version="1.0"?>
<collection xmlns="http://www.loc.gov/MARC21/slim">
  <record>
    <leader>01439nam a2200361 a 4500</leader>
    <controlfield tag="001">cihm_28976</controlfield>
    <controlfield tag="003">CaSfIA</controlfield>
    <controlfield tag="005">20151008010651.0</controlfield>
    <controlfield tag="007">cr||||||||||||</controlfield>
    <controlfield tag="008">850214s1892    enk     b     000 0 eng d</controlfield>
    <datafield tag="020" ind1=" " ind2=" ">
      <subfield code="a">0665289766</subfield>
    </datafield>
    <datafield tag="035" ind1=" " ind2=" ">
      <subfield code="a">ocm12497426</subfield>
    </datafield>
    <datafield tag="040" ind1=" " ind2=" ">
      <subfield code="a">CaOOCIHM</subfield>
      <subfield code="b">eng</subfield>
      <subfield code="d">AEU</subfield>
      <subfield code="d">CaSfIA</subfield>
    </datafield>
    <datafield tag="082" ind1="0" ind2=" ">
      <subfield code="a">156.2145</subfield>
      <subfield code="2">19</subfield>
    </datafield>
    <datafield tag="090" ind1=" " ind2=" ">
      <subfield code="a">FC 02 0203 no. 28976</subfield>
      <subfield code="b">AEU</subfield>
    </datafield>
    <datafield tag="100" ind1="1" ind2=" ">
      <subfield code="a">Allen, Grant,</subfield>
      <subfield code="d">1848-1899.</subfield>
    </datafield>
    <datafield tag="245" ind1="1" ind2="4">
      <subfield code="a">The colour-sense</subfield>
      <subfield code="h">[electronic resource] </subfield>
      <subfield code="b">its origin and development : an essay in comparative psychology /</subfield>
      <subfield code="c">by Grant Allen.</subfield>
    </datafield>
    <datafield tag="250" ind1=" " ind2=" ">
      <subfield code="a">2nd ed.</subfield>
    </datafield>
    <datafield tag="260" ind1=" " ind2=" ">
      <subfield code="a">London :</subfield>
      <subfield code="b">Kegan Paul, Trench, Tr&#xC3;&#xBC;bner,</subfield>
      <subfield code="c">189</subfield>
    </datafield>
    <!-- No separator at end of field length=51 -->
    <datafield tag="300" ind1="." ind2="">
      <subfield code=" "/>
      <subfield code="a">2 microfiches (157 fr.</subfield>
    </datafield>
    <!-- No separator at end of field length=29 -->
    <datafield tag="490" ind1="." ind2="">
      <subfield code=" "/>
      <subfield code="a">CIHM/ICMH Microfiche series = CIHM/ICMH collection de microfiches ;</subfield>
      <subfield code="v">no. 289</subfield>
    </datafield>
    <!-- No separator at end of field length=83 -->
    <datafield tag="500" ind1="6" ind2="">
      <subfield code=" "/>
      <subfield code="a">Original issued in series: The English and foreign philosophical librar</subfield>
    </datafield>
    <!-- No separator at end of field length=78 -->
    <datafield tag="500" ind1="." ind2="">
      <subfield code=" "/>
      <subfield code="a">Includes advertising matte</subfield>
    </datafield>
    <!-- No separator at end of field length=33 -->
    <datafield tag="533" ind1="." ind2="">
      <subfield code=" "/>
      <subfield code="a">Filmed from a copy of the original publication held by the University of Saskatchewan, Saskatoon.</subfield>
      <subfield code="b">Ottawa :</subfield>
      <subfield code="c">Canadian Institute for Historical Microreproductions,</subfield>
      <subfield code="d">198</subfield>
    </datafield>
    <!-- No separator at end of field length=174 -->
    <datafield tag="534" ind1="." ind2="">
      <subfield code=" "/>
      <subfield code="e">xii, 282, [1] p. ; 22 c</subfield>
    </datafield>
    <!-- No separator at end of field length=30 -->
    <datafield tag="596" ind1="." ind2="">
      <subfield code=" "/>
      <subfield code="a"/>
    </datafield>
    <!-- No separator at end of field length=7 -->
    <datafield tag="650" ind1="3" ind2="">
      <subfield code="0"/>
      <subfield code="a">Color visio</subfield>
    </datafield>
    <!-- No separator at end of field length=18 -->
    <datafield tag="650" ind1="." ind2="">
      <subfield code="0"/>
      <subfield code="a">Color</subfield>
      <subfield code="x">Psychological aspect</subfield>
    </datafield>
    <!-- No separator at end of field length=34 -->
    <datafield tag="650" ind1="." ind2="">
      <subfield code="6"/>
      <subfield code="a">Vision des couleur</subfield>
    </datafield>
    <!-- No separator at end of field length=25 -->
    <datafield tag="650" ind1="." ind2="">
      <subfield code="6"/>
      <subfield code="a">Couleur</subfield>
      <subfield code="x">Aspect psychologiqu</subfield>
    </datafield>
    <!-- No separator at end of field length=35 -->
    <datafield tag="830" ind1="." ind2="">
      <subfield code="0"/>
      <subfield code="a">CIHM/ICMH microfiche series ;</subfield>
      <subfield code="v">no. 289</subfield>
    </datafield>
    <!-- No separator at end of field length=45 -->
    <datafield tag="856" ind1="4" ind2="1">
      <subfield code="u">http://archive.org/details/cihm_28976</subfield>
      <subfield code="z">Free eBook from the Internet Archive</subfield>
    </datafield>
    <datafield tag="856" ind1="4" ind2="2">
      <subfield code="u">http://www.openlibrary.org/books/OL24228301M</subfield>
      <subfield code="z">Additional information and access via Open Library</subfield>
    </datafield>
    <!-- No separator at end of field length=22 -->
    <datafield tag="016" ind1="E" ind2="">
      <subfield code=" "/>
      <subfield code="a"> 8562558</subfield>
    </datafield>
    <!-- No separator at end of field length=15 -->
    <!-- No separator at end of field length=58 -->
  </record>
</collection>
